@article{fujimoto2018,
	author = {Scott Fujimoto},
	title = {Addressing Function Approximation Error in Actor-Critic Methods},
	journal = {Cornell University},
	issue_date = {February 2018},
	volume = {15},
	number = {3},
	month = jul,
	year = {2018},
	pages = {83--84},
	numpages = {15},
	doi = {},
	acmid = {https://arxiv.org/abs/1802.09477},
	publisher = {ACM},
	address = {New York, NY, USA},
	keywords = {hints, paper, reading},
}

@article{bellman1957dynamic,
	title={Dynamic programming and statistical communication theory},
	author={Bellman, Richard and Kalaba, Robert},
	journal={Proceedings of the National Academy of Sciences of the United States of America},
	volume={43},
	number={8},
	pages={749},
	year={1957},
	publisher={National Academy of Sciences}
}

@inproceedings{sutton1999policy,
	title={Policy gradient methods for reinforcement learning with function approximation.},
	author={Sutton, Richard S and McAllester, David A and Singh, Satinder P and Mansour, Yishay and others},
	booktitle={NIPs},
	volume={99},
	pages={1057--1063},
	year={1999},
	organization={Citeseer}
}

@article{tsitsiklis1997analysis,
	title={An analysis of temporal-difference learning with function approximation},
	author={Tsitsiklis, John N and Van Roy, Benjamin},
	journal={IEEE transactions on automatic control},
	volume={42},
	number={5},
	pages={674--690},
	year={1997},
	publisher={IEEE}
}

@article{peters2008reinforcement,
	title={Reinforcement learning of motor skills with policy gradients},
	author={Peters, Jan and Schaal, Stefan},
	journal={Neural networks},
	volume={21},
	number={4},
	pages={682--697},
	year={2008},
	publisher={Elsevier}
}

@article{sutton1988learning,
	title={Learning to predict by the methods of temporal differences},
	author={Sutton, Richard S},
	journal={Machine learning},
	volume={3},
	number={1},
	pages={9--44},
	year={1988},
	publisher={Springer}
}

@article{mnih2013playing,
	title={Playing atari with deep reinforcement learning},
	author={Mnih, Volodymyr and Kavukcuoglu, Koray and Silver, David and Graves, Alex and Antonoglou, Ioannis and Wierstra, Daan and Riedmiller, Martin},
	journal={arXiv preprint arXiv:1312.5602},
	year={2013}
}

@article{lillicrap2015continuous,
	title={Continuous control with deep reinforcement learning},
	author={Lillicrap, Timothy P and Hunt, Jonathan J and Pritzel, Alexander and Heess, Nicolas and Erez, Tom and Tassa, Yuval and Silver, David and Wierstra, Daan},
	journal={arXiv preprint arXiv:1509.02971},
	year={2015}
}

@inproceedings{silver2014deterministic,
	title={Deterministic policy gradient algorithms},
	author={Silver, David and Lever, Guy and Heess, Nicolas and Degris, Thomas and Wierstra, Daan and Riedmiller, Martin},
	booktitle={International conference on machine learning},
	pages={387--395},
	year={2014},
	organization={PMLR}
}

@inproceedings{haarnoja2018soft,
	title={Soft actor-critic: Off-policy maximum entropy deep reinforcement learning with a stochastic actor},
	author={Haarnoja, Tuomas and Zhou, Aurick and Abbeel, Pieter and Levine, Sergey},
	booktitle={International Conference on Machine Learning},
	pages={1861--1870},
	year={2018},
	organization={PMLR}
}

@book{sutton2018reinforcement,
	title={Reinforcement learning: An introduction},
	author={Sutton, Richard S and Barto, Andrew G},
	year={2018},
	publisher={MIT press}
}

@article{silver2018general,
	title={A general reinforcement learning algorithm that masters chess, shogi, and Go through self-play},
	author={Silver, David and Hubert, Thomas and Schrittwieser, Julian and Antonoglou, Ioannis and Lai, Matthew and Guez, Arthur and Lanctot, Marc and Sifre, Laurent and Kumaran, Dharshan and Graepel, Thore and others},
	journal={Science},
	volume={362},
	number={6419},
	pages={1140--1144},
	year={2018},
	publisher={American Association for the Advancement of Science}
}

@article{nasteski2017overview,
	title={An overview of the supervised machine learning methods},
	author={Nasteski, Vladimir},
	journal={Horizons. b},
	volume={4},
	pages={51--62},
	year={2017}
}

@inproceedings{shanthamallu2017brief,
	title={A brief survey of machine learning methods and their sensor and IoT applications},
	author={Shanthamallu, Uday Shankar and Spanias, Andreas and Tepedelenlioglu, Cihan and Stanley, Mike},
	booktitle={2017 8th International Conference on Information, Intelligence, Systems \& Applications (IISA)},
	pages={1--8},
	year={2017},
	organization={IEEE}
}

@article{simeone2018very,
	title={A very brief introduction to machine learning with applications to communication systems},
	author={Simeone, Osvaldo},
	journal={IEEE Transactions on Cognitive Communications and Networking},
	volume={4},
	number={4},
	pages={648--664},
	year={2018},
	publisher={IEEE}
}

@article{kaelbling1996reinforcement,
	title={Reinforcement learning: A survey},
	author={Kaelbling, Leslie Pack and Littman, Michael L and Moore, Andrew W},
	journal={Journal of artificial intelligence research},
	volume={4},
	pages={237--285},
	year={1996}
}

@incollection{shanmuganathan2016artificial,
	title={Artificial neural network modelling: An introduction},
	author={Shanmuganathan, Subana},
	booktitle={Artificial neural network modelling},
	pages={1--14},
	year={2016},
	publisher={Springer}
}